@book{Silvia:14,
	author={S. G. M. Almeida},
	title={Extra\c{c}\~ao de Caracter\'isticas em Reconhecimento de Par\^ametros Fonol\'ogicos da L\'ingua Brasileira de Sinais utilizando Sensores RGB-D},
	publisher={Universidade Federal de Minas Gerais, Programa de P\'os Gradua\c{c}\~ao em Engenharia El\'etrica},
	address={Belo Horizonte, Minas Gerais, Brasil},
	year=2014,
}

@mastersthesis{Tamires,
	author       = {T. M. Rezende},
	title        = {Aplicação de Técnicas de Inteligência Computacional para Análise da Expressão Facial em Reconhecimento de Sinais de Libras},
	school		= {Programa de Pós-Graduação em Engenharia Elétrica da Universidade Federal de Minas Gerais},
	address		= {Belo Horizonte, Minas Gerais, Brasil},
	year         = 2016
}

@article{Genuer2017,
	doi = {$10.1016/j.bdr.2017.07.003$},
	url = {$https://doi.org/10.1016/j.bdr.2017.07.003$},
	year  = {2017},
	month = {sep},
	publisher = {Elsevier {BV}},
	volume = {9},
	pages = {28--46},
	author = {Robin Genuer and Jean-Michel Poggi and Christine Tuleau-Malot and Nathalie Villa-Vialaneix},
	title = {Random Forests for Big Data},
	journal = {Big Data Research}
}